% This file was created with JabRef 2.10.
% Encoding: Cp1252


@Book{balas,
  Title                    = {Stress Analysis by Boundary Element Methods},
  Author                   = {Bala{\v{s}}, J. and Sl{\'a}dek, J. and Sl{\'a}dek, V.},
  Publisher                = {Elsevier Science},
  Year                     = {2013},
  Series                   = {Studies in Applied Mechanics},

  ISBN                     = {9781483291741},
  Url                      = {https://books.google.es/books?id=IVIvBQAAQBAJ}
}

